 %**********************************************************************************************************************

@MISC{gtfs-info,
  key	=	 {zweb:gtfs-info},
  author = {Google Developers},
  title  =	{GTFS Static Overview},
  howpublished = {[online]},
  year  =    {[cit. 2021-03-11]},
  note   =	{Dostupné z: \url{https://developers.google.com/transit/gtfs/}},
}

@MISC{pid,
  key	=	 {zweb:pid},
  author = {Pražská integrovaná doprava},
  title  =	{O systému|Pražská integrovaná doprava},
  howpublished = {[online]},
  year  =    {[cit. 2021-03-11]},
  note   =	{Dostupné z: \url{https://pid.cz/o-systemu/}},
}
